@article{peters2016causal,
  title={Causal inference by using invariant prediction: identification and confidence intervals},
  author={Peters, Jonas and B{\"u}hlmann, Peter and Meinshausen, Nicolai},
  journal={Journal of the Royal Statistical Society. Series B (Statistical Methodology)},
  pages={947--1012},
  year={2016},
  publisher={JSTOR}
}
@inproceedings{doshi2016hidden,
  title={Hidden parameter markov decision processes: A semiparametric regression approach for discovering latent task parametrizations},
  author={Doshi-Velez, Finale and Konidaris, George},
  booktitle={IJCAI: proceedings of the conference},
  volume={2016},
  pages={1432},
  year={2016},
  organization={NIH Public Access}
}
@article{zhang2020learning,
  title={Learning invariant representations for reinforcement learning without reconstruction},
  author={Zhang, Amy and McAllister, Rowan and Calandra, Roberto and Gal, Yarin and Levine, Sergey},
  journal={arXiv preprint arXiv:2006.10742},
  year={2020}
}