@inproceedings{lee2020learning,
  title={Learning Compound Tasks without Task-specific Knowledge via Imitation and Self-supervised Learning},
  author={Lee, Sang-Hyun and Seo, Seung-Woo},
  booktitle={International Conference on Machine Learning},
  pages={5,747--5,756},
  year={2020},
  organization={PMLR}
}
@inproceedings{shankar2020learning,
  title={Learning robot skills with temporal variational inference},
  author={Shankar, Tanmay and Gupta, Abhinav},
  booktitle={International Conference on Machine Learning},
  pages={8624--8633},
  year={2020},
  organization={PMLR}
}
@article{sharma2018directed,
  title={Directed-info GAIL: Learning hierarchical policies from unsegmented demonstrations using directed information},
  author={Sharma, Arjun and Sharma, Mohit and Rhinehart, Nicholas and Kitani, Kris M},
  journal={arXiv preprint arXiv:1810.01266},
  year={2018}
}
@inproceedings{henderson2018optiongan,
  title={Optiongan: Learning joint reward-policy options using generative adversarial inverse reinforcement learning},
  author={Henderson, Peter and Chang, Wei-Di and Bacon, Pierre-Luc and Meger, David and Pineau, Joelle and Precup, Doina},
  booktitle={Proceedings of the AAAI Conference on Artificial Intelligence},
  volume={32},
  year={2018}
}
